@incollection{Abjadi2009,
	author={N. R. Abjadi and J. Askari and M. Kamali and J. Soltani},
	title={On-line Parameter Estimation with Application to Electrical Drives},
	publisher={InTech},
	year={2009},
	booktitle={Frontiers in Adaptive Control},
}

@article{Akcay1998,
	author= {H. Ak\c{c}ay and B. Ninness},
	title={Rational basis functions for robust identification from frequency and time domain measurements},
	journal={Automatica},
	year={1998},
	volume={34},
	number = {9},
	pages={1101--1117},
}

@article{Amorocho1971,
	author = {J. Amorocho and A. Brandstetter},
	title = {Determination of Nonlinear Functional Response Functions in Rainfall-Runoff Processes},
	journal = {Water Resources Research},
	volume = {7},
	number = {5},
	pages = {1087-1101},
	year = {1971}
}

@inproceedings{Antoine2006,
	title = "An analytical solution to multivariable nonlinear {MPC} for second-order {Laguerre} systems",
	pages = "111-116",
	booktitle = "Proceedings of 6th IFAC Symposium on Advanced Control of Chemical Processes",
	author = "A. L. Antoine and R. S. Parker",
	year = {2006},
}

@inproceedings{Astrom1965,
	author= {K. J. {\AA}str{\"o}m and T. Bohlin},
	title={Numerical identification of linear dynamic systems from normal operating records},
	booktitle={Proc.\ IFAC Symposium on Self-Adaptive Systems},
	year={1965},
}

@article{Baldacchino2013,
	title = "Computational system identification for Bayesian \{NARMAX\} modelling ",
	journal = "Automatica ",
	volume = "49",
	number = "9",
	pages = "2641-2651",
	year = "2013",
	author = "T. Baldacchino and S. R. Anderson and V. Kadirkamanathan",
}

@book{Batchelor2000,
	author = {G. K. Batchelor},
	year = {2000},
	title = {An Introduction to Fluid Dynamics},
	publisher = {Cambridge University Press},
}

@article{Bedrosian1971, 
	author={E. {Bedrosian} and S. O. {Rice}}, 
	journal={Proceedings of the IEEE}, 
	title={The output properties of {Volterra} systems (nonlinear systems with memory) driven by harmonic and {Gaussian} inputs}, 
	year={1971}, 
	volume={59}, 
	number={12}, 
	pages={1688-1707}, 
}

@article{Billings1980, 
	author={S. A. Billings}, 
	journal={IEE Proceedings D - Control Theory and Applications}, 
	title={Identification of nonlinear systems - a survey}, 
	year={1980}, 
	volume={127}, 
	number={6}, 
	pages={272-285}, 
}

@article{Billings1982,
	author= {S. A. Billings and S. Y. Fakhouri},
	title={Identification of systems containing linear dynamic and static nonlinear elements},
	journal={Automatica},
	year={1982},
	volume={18},
	number={1},
	pages={15--26},
}

@article{Billings1989,
	author= {S. A. Billings and K. M. Tsang},
	title={Spectral Analysis for Non-linear Systems, Part II: Interpretation of Non-linear Frequency Response Functions},
	journal={Mechanical Systems and Signal Processing},
	year={1989},
	volume={3},
	number={4},
	pages={341--359},
}

@article{Billings1995,
	author= {S. A. Billings and H. Zhang},
	title={Computation of Non-linear Transfer Functions when Constant Terms are Present},
	journal={Mechanical Systems and Signal Processing},
	year={1995},
	volume={9},
	number={5},
	pages={537--553},
}

@inproceedings{Birpoutsoukis2015,
	author = {G. Birpoutsoukis and J. Schoukens},
	title = {Nonparametric {Volterra} Kernel Estimation using Regularization},
	booktitle = {Proc.\ IEEE Instrumentation and Measurement Technology Conference},
	year = {2015},
	pages = {222--227},
}

@article{Birpoutsoukis2017,
	title = "Regularized nonparametric {Volterra} kernel estimation ",
	journal = "Automatica ",
	volume = "82",
	number = "",
	pages = "324-327",
	year = "2017",
	author = "G. Birpoutsoukis and A. Marconato and J. Lataire and J. Schoukens",
}

@article{Birpoutsoukis2017b,
	title = "Nonparametric {V}olterra Series Estimate of the Cascaded Water Tanks Using Multidimensional Regularization",
	journal = "IFAC-PapersOnLine",
	volume = "50",
	number = "1",
	pages = "476-481",
	year = "2017",
	note = "20th IFAC World Congress",
	author = "G. Birpoutsoukis and P. Z. Csurcsia and J. Schoukens",
}

@article{Birpoutsoukis2017c,
	title = "Efficient multidimensional regularization for {V}olterra series estimation",
	journal = "Mechanical Systems and Signal Processing",
	year = "2018",
	volume ={104},
	pages = {896-914},
	author = "G. Birpoutsoukis and P. Z. Csurcsia and J. Schoukens",
}

@article{Bombois2006,
	title = "Least costly identification experiment for control",
	journal = "Automatica",
	volume = "42",
	number = "10",
	pages = "1651-1662",
	year = "2006",
	author = "X. Bombois and G. Scorletti and M. Gevers and P. M. J. Van den Hof and R. Hildebrand",
}

@article{Bottegal2015,
  	author =  {G. Bottegal and R. S. Risuleo and H. Hjalmarsson},
  	title =  {Blind system identification using kernel-based methods},
	journal={IFAC-PapersOnLine},
	volume={48},
	issue={28},
	pages={466-471},
	year={2015},
}

@article{Bottegal2016,
	title = "Robust {EM} kernel-based methods for linear system identification",
	journal = "Automatica",
	volume = "67",
	number = "",
	pages = "114-126",
	year = "2016",
	author = "G. Bottegal and A. Y. Aravkin and H. Hjalmarsson and G. Pillonetto",
}

@article{Boyd1983, 
	author={S. Boyd and Y. Tang and L. Chua}, 
	journal={IEEE Transactions on Circuits and Systems}, 
	title={Measuring {V}olterra kernels}, 
	year={1983}, 
	volume={30}, 
	number={8}, 
	pages={571-577}, 
}

@article{Boyd1985,
	author= {S. Boyd and L. O. Chua},
	title={Fading Memory and the Problem of Approximating Nonlinear Operators with {V}olterra Series},
	journal={IEEE Transactions on Circuits and Systems},
	year={1985},
	volume={32},
	number={11},
	pages={1150--1161},
}

@book{Briggs1995,
	author = {W. L. Briggs and V. E. Henson},
	year = {1995},
	title = {The DFT: an owner's manual for the discrete {F}ourier transform},
	publisher = {Society for Industrial and Applied Mathematics},
}

@book{Camacho1999,
	author = {E. F. Camacho and C. Bordons},
	year = {1999},
	title = {Model Predictive Control},
	publisher = {Springer},
}

@article{Campello2004,
	author= {R. Campello and G. Favier and W. do Amaral},
	title={Optimal expansions of discrete-time {Volterra} Models using {Laguerre} functions},
	journal={Automatica},
	year={2004},
	volume={40},
	pages={815--822},
}

@article{Cao2013,
	title = "Fault diagnosis of complex system based on nonlinear frequency spectrum fusion",
	journal = "Measurement",
	volume = "46",
	number = "1",
	pages = "125-131",
	year = "2013",
	author = "J. Cao and L. Chen and J. Zhang and W. Cao",
}

@article{Casella2001,
	author= {G. Casella},
	title={Empirical Bayes {Gibbs} sampling},
	journal={Biostatistics},
	year={2001},
	volume={2},
	number = {4},
	pages={485--500},
}

@article{Chang2012,
	title = "Volterra filter modeling of nonlinear discrete-time system using improved particle swarm optimization",
	journal = "Digital Signal Processing",
	volume = "22",
	number = "6",
	pages = "1056-1062",
	year = "2012",
	author = "W-D. Chang",
}

@article{Chen1989,
	author= {S. Chen and S. A. Billings},
	title={Representations of non-linear systems: the {NARMAX} model},
	journal={Int. J. Control},
	year={1989},
	volume={49},
	number={3},
	pages={1013--1032},
}

@inproceedings{Chen2011,
	author= {T. Chen and H. Ohlsson and G. Goodwin and L. Ljung},
	title={Kernel Selection in Linear System Identification - {P}art {II}: a classical perspective},
	booktitle = {Proc.\ of CDC-ECC},
	year = {2011},
	location = {Orlando, USA},
	pages = {4326--4331},
}

@article{Chen2012,
	title = "On the estimation of transfer functions, regularizations and Gaussian processesâ€”Revisited",
	journal = "Automatica",
	volume = "48",
	number = "8",
	pages = "1525-1535",
	year = "2012",
	author = "T. Chen and H. Ohlsson and L. Ljung",
}

@article{Chen2013,
	author= {T. Chen and L. Ljung},
	title={Implementation of algorithms for tuning parameters in regularized least squares problems in system identification},
	journal={Automatica},
	year={2013},
	volume={49},
	pages={2213--2220},
}

@inproceedings{Chen2015,
	author = {T. Chen and L. Ljung},
	title = {Regularized system identification using orthonormal basis functions},
	booktitle = {Proc.\ of CDC-ECC},
	year = {2015},
	location = {Linz, Austria},
	pages = {1291--1296},
}

@article{Cheng2017,
	author= {C. M. Cheng and Z. K. Peng and W. M. Zhang and G. Meng},
	title={Volterra-series-based nonlinear system modeling and its engineering applications: A state-of-the-art review},
	journal={Mechanical Systems and Signal Processing},
	year={2017},
	volume={87},
	number={A},
	pages={340--364},
}

@article{Chua1989,
	author = {Chua, L. O. and Liao, Y.},
	title = {Measuring {Volterra} kernels {(II)}},
	journal = {International Journal of Circuit Theory and Applications},
	volume = {17},
	number = {2},
	pages = {151-190},
	year = {1989},
}

@article{Chua1991,
	author = {Chua, L. O. and Liao, Y.},
	title = {Measuring {Volterra} kernels {III}: How to estimate the highest significant order},
	journal = {International Journal of Circuit Theory and Applications},
	volume = {19},
	number = {2},
	pages = {189--209},
	year = {1991},
}

@book{Conway1978,
	author = {J. B. Conway},
	year = {1978},
	title = {Functions of One Complex Variable},
	publisher = {Springer-Verlag},
	location = {New York},
}

@book{Csurcsia2015,
	author = {Csurcsia, P.},
	year = {2015},
	title = {Nonparametric identification of linear time-varying systems},
	publisher = {University Press},
	location = {Zelzate},
}

@article{Darwish2018,
	author= {M. A. H. Darwish and G. Pillonetto and R. T{\'o}th},
	title={The Quest for the Right Kernel in {Bayesian} Impulse Response Identification: The Use of {OBFs}},
	journal={Automatica},
	year={2018},
	volume={87},
	pages={318-329},
}

@article{Dempster1977,
	author= {A. P. Dempster and N. M. Laird and D. B. Rubin},
	title={Maximum likelihood from incomplete data via the {EM} algorithm},
	journal={J. R. Stat. Soc. Ser. B. Stat. Methodol.},
	year={1977},
	pages={1--38},
}

@incollection{Diestler2002,
	author = {M. Diestler},
	title = {System identification and time series analysis: Past, present, and future},
	booktitle = {Lecture Notes in Control and Information Sciences},
	publisher = {Springer Berlin Heidelberg},
	year = {2002},
	pages = {97-109},
}

@article{Doyle1995,
	title = "Nonlinear model-based control using second-order {Volterra} models",
	journal = "Automatica",
	volume = "31",
	number = "5",
	pages = "697-714",
	year = "1995",
	author = "F. J. Doyle and B. A. Ogunnaike and R. K. Pearson",
}

@book{Doyle2002,
	title={Identification and Control Using {Volterra} Models},
	author={F. J. Doyle},
	year={2002},
	publisher={Praxis}
}

@article{Dumont1993,
	author = {Dumont, G. A. and Fu, Y.},
	title = {Non-linear adaptive control via {Laguerre} expansion of {Volterra} kernels},
	journal = {International Journal of Adaptive Control and Signal Processing},
	volume = {7},
	number = {5},
	pages = {367-382},
	year = {1993},
}

@incollection{Dumont1994,
	author = {G. A. Dumont and Y. Fu and G. Lu},
	title = {Nonlinear adaptive generalized predictive control and applications},
	booktitle = {Advances in Model-based Predictive Control},
	editor = {D. Clarke},
	publisher = {Oxford University Press},
	year = {1994},
	pages = {498-515},
}

@inproceedings{Eberhart1995, 
	author={R. Eberhart and J. Kennedy}, 
	booktitle={Proceedings of the Sixth International Symposium on Micro Machine and Human Science}, 
	title={A new optimizer using particle swarm theory}, 
	year={1995}, 
	pages={39-43}, 
}

@article{Evans1996, 
	author={C. Evans and D. Rees and L. Jones and M. Weiss}, 
	journal={IEEE Transactions on Instrumentation and Measurement}, 
	title={Periodic signals for measuring nonlinear {V}olterra kernels}, 
	year={1996}, 
	volume={45}, 
	number={2}, 
	pages={362-371}, 
}

@inproceedings{Fazel2001, 
	author={M. Fazel and H. Hindi and S. P. Boyd}, 
	booktitle={Proceedings of the 2001 American Control Conference}, 
	title={A rank minimization heuristic with application to minimum order system approximation}, 
	year={2001}, 
	volume={6}, 
	pages={4734-4739}, 
}

@article{Feijoo2005,
	title = "Associated Linear Equations for {Volterra} operators",
	journal = "Mechanical Systems and Signal Processing",
	volume = "19",
	number = "1",
	pages = "57-69",
	year = "2005",
	author = "J. A. Vazquez Feijoo and K. Worden and R. Stanway",
}

@article{Feijoo2006,
	title = "Analysis of time-invariant systems in the time and frequency domain by associated linear equations {(ALEs)}",
	journal = "Mechanical Systems and Signal Processing",
	volume = "20",
	number = "4",
	pages = "896-919",
	year = "2006",
	author = "J. A. Vazquez Feijoo and K. Worden and R. Stanway",
}

@article{Francis1961,
    author = {Francis, J. G. F.},
    title = "{The QR Transformation A Unitary Analogue to the LR Transformationâ€”Part 1}",
    journal = {The Computer Journal},
    volume = {4},
    number = {3},
    pages = {265-271},
    year = {1961},
}

@article{Franz2006, 
	author={M. O. Franz and B. Sch{\"o}lkopf}, 
	journal={Neural Computation}, 
	title={A Unifying View of {Wiener} and {Volterra} Theory and Polynomial Kernel Regression}, 
	year={2006}, 
	volume={18}, 
	number={12}, 
	pages={3097-3118}, 
}

@article{Gallman1975, 
	author={P. Gallman}, 
	journal={IEEE Transactions on Automatic Control}, 
	title={An iterative method for the identification of nonlinear systems using a {Uryson} model}, 
	year={1975}, 
	volume={20}, 
	number={6}, 
	pages={771-775}, 
}

@article{Geman1984,
 	author = {S. Geman and D. Geman},
	 title = {Stochastic Relaxation, {Gibbs} Distributions, and the Bayesian Restoration of Images},
	 journal = {IEEE Trans. Pattern Anal. Mach. Intell.},
	 issue_date = {November 1984},
	 volume = {6},
	 number = {6},
	 year = {1984},
 	pages = {721--741},	
	 doi = {10.1109/TPAMI.1984.4767596},
 	acmid = {2286617},
	 publisher = {IEEE Computer Society},
 	address = {Washington, DC, USA},
}

@book{George1959,
	author = {D. George},
	year = {1959},
	title = {Continuous Nonlinear Systems},
	publisher = {MIT RLE Technical Report},
}

@article{Gevers1986,
	title = "Optimal experiment designs with respect to the intended model application",
	journal = "Automatica",
	volume = "22",
	number = "5",
	pages = "543-554",
	year = "1986",
	author = "M. Gevers and L. Ljung",
}

@book{Giri2010,
	author = {F. Giri and E. W. Bai},
	year = {2010},
	title = {Block-Oriented Nonlinear System Identification},
	publisher = {Springer},
}

@book{Goodwin1977,
	author = {G. C. Goodwin and R. L. Payne},
	year = {1977},
	title = {Dynamic System Identification: Experiment Design and Data Analysis},
	publisher = {Academic Press},
}

@book{Goodwin2001,
	author = {G. C. Goodwin and M. E. Salgado and S. F. Graebe},
	year = {2001},
	title = {Control System Design},
	publisher = {Prentice Hall},
}

@article{Gruber2011,
	title = "Nonlinear {MPC} based on a {Volterra} series model for greenhouse temperature control using natural ventilation",
	journal = "Control Engineering Practice",
	volume = "19",
	number = "4",
	pages = "354-366",
	year = "2011",
	author = "J. K. Gruber and J. L. GuzmÃ¡n and F. RodrÃ­guez and C. Bordons and M. Berenguel and J. A. SÃ¡nchez",
}

@article{Gruber2012,
	title = "Nonlinear {MPC} for the airflow in a {PEM} fuel cell using a {Volterra} series model",
	journal = "Control Engineering Practice",
	volume = "20",
	number = "2",
	pages = "205-217",
	year = "2012",
	author = "J. K. Gruber and C. Bordons and A. Oliva",
}

@book{Grune2011,
	author = {L. Gr{\"u}ne and J. Pannek},
	year = {2011},
	title = {Nonlinear Model Predictive Control},
	publisher = {Springer},
}

@book{Heuberger2005,
	author = {P. Heuberger and P. Van den Hof and B. Wahlberg},
	year = {2005},
	title = {Modelling and Identification with Rational Orthogonal Basis Functions},
	publisher = {Springer},
}

@article{Hildebrand2007,
	title = "Identification for control: Optimal input intended to identify a minimum variance controller",
	journal = "Automatica",
	volume = "43",
	number = "5",
	pages = "758-767",
	year = "2007",
	author = "R. Hildebrand and G. Solari",
}

@inproceedings{Hjalmarsson2012,
	author= {H. Hjalmarsson and J. S. Welsh and C. R. Rojas},
	title={Identification of box-jenkins models using structured {ARX} models and nuclear norm relaxation},
	booktitle = {Proc.\ of the 16th IFAC Symposium on System Identification},
	year = {2012},
	location = {Brussels, Belgium},
	pages = {322--327},
}

@article{Ho1965,
	author = { B. L. Ho and R. E. Kalman},
	title = {Effective construction of linear state-variable models from input/output functions},
	journal = {Reglerungstechnik},
	volume = {14},
	number = {12},
	pages = {545-548},
	year  = {1965},    
}

@article{Hoerl1970,
	author = { A. E. Hoerl and R. W. Kennard},
	title = {Ridge Regression: Biased Estimation for Nonorthogonal Problems},
	journal = {Technometrics},
	volume = {12},
	number = {1},
	pages = {55-67},
	year  = {1970},    
}

@techreport{Ikehara1951,
    	title = {A Method of {Wiener} in a Nonlinear Circuit},
   	author = {S. Ikehara},
    	year = {1951},
   	institution = {Research Laboratory of Electronics, Massachusetts Institute of Technology},
}

@article{Jones1989,
	author = {J. C. P. Jones and S. A. Billings},
	title = {Recursive algorithm for computing the frequency response of a class of non-linear difference equation models},
	journal = {International Journal of Control},
	volume = {50},
	number = {5},
	pages = {1925-1940},
	year  = {1989},
}

@inproceedings{Kennedy1995, 
	author={J. Kennedy and R. Eberhart}, 
	booktitle={Proceedings of ICNN'95 - International Conference on Neural Networks}, 
	title={Particle swarm optimization}, 
	year={1995}, 
	volume={4}, 
	pages={1942-1948}, 
}

@article{Kibangou2010, 
	author={A. Y. {Kibangou} and G. {Favier}}, 
	journal={IEEE Journal of Selected Topics in Signal Processing}, 
	title={Tensor Analysis-Based Model Structure Determination and Parameter Estimation for Block-Oriented Nonlinear Systems}, 
	year={2010}, 
	volume={4}, 
	number={3}, 
	pages={514-525}, 
}

@article{Korenberg1990,
	author = {M. J. Korenberg and I. W. Hunter},
	title = {The identification of nonlinear biological systems: {Wiener} kernel approaches},
	journal = {Annals of Biomedical Engineering},
	volume = {18},
	number = {6},
	pages = {629-654},
	year  = {1990},    
}

@article{Kublanovskaya1962,
	title = "On some algorithms for the solution of the complete eigenvalue problem",
	journal = "USSR Computational Mathematics and Mathematical Physics",
	volume = "1",
	number = "3",
	pages = "637 - 657",
	year = "1962",
	author = "V. N. Kublanovskaya",
}

@article{Lang1996,
	author = { Z. Q. Lang and S. A. Billings },
	title = {Output frequency characteristics of nonlinear systems},
	journal = {International Journal of Control},
	volume = {64},
	number = {6},
	pages = {1049-1067},
	year  = {1996},    
}

@article{Lang1997,
	author = { Z. Q. Lang and S. A. Billings },
	title = {Output frequencies of nonlinear systems},
	journal = {International Journal of Control},
	volume = {67},
	number = {5},
	pages = {713-730},
	year  = {1997},    
}

@article{Lang2005,
	author = { Z. Q. Lang and  S. A. Billings },
	title = {Energy transfer properties of non-linear systems in the frequency domain},
	journal = {International Journal of Control},
	volume = {78},
	number = {5},
	pages = {345-362},
	year = {2005},
}

@article{Lang2007,
	author = { Z. Q. Lang and  S. A. Billings and R. Yue and J. Li},
	title = {Output Frequency Response Function of Nonlinear {Volterra} Systems},
	journal = {Automatica},
	volume = {43},
	number = {5},
	pages = {805-816},
	year = {2007},
}

@article{Lang2008,
	title = "A novel approach for nonlinearity detection in vibrating systems",
	journal = "Journal of Sound and Vibration",
	volume = "314",
	number = "3",
	pages = "603-615",
	year = "2008",
	author = "Z. Q. Lang and Z. K. Peng"
}

@article{Lataire2016,
	title = "Transfer function and transient estimation by {Gaussian} process regression in the frequency domain ",
	journal = "Automatica ",
	volume = "72",
	number = "",
	pages = "217-229",
	year = "2016",
	author = {J. Lataire and T. Chen},
}

@article{Lee1965,
	author = {Y. W. Lee and M. Schetzen},
	title = {Measurement of the {Wiener} Kernels of a Non-linear System by Cross-correlation},
	journal = {International Journal of Control},
	volume = {2},
	number = {3},
	pages = {237-254},
	year  = {1965},
}

@article{Leontaritis1985,
	author = {I. J. Leontaritis and S. A. Billings},
	title = {Input-output parametric models for non-linear systems Part I: deterministic non-linear systems},
	journal = {International Journal of Control},
	volume = {41},
	number = {2},
	pages = {303-328},
	year  = {1985},
}

@book{Ljung1987,
	title={System Identification: Theory for the User},
	author={Ljung, L.},
	year={1987},
	publisher={Prentice Hall PTR}
}

@article{Li2005,
	author="Li, Y. and Kashiwagi, H.",
	title="High-order {Volterra} Model Predictive Control and its application to a nonlinear polymerisation process",
	journal="International Journal of Automation and Computing",
	year="2005",
	volume="2",
	number="2",
	pages="208-214",
}

@article{Li2011,
	title = "Estimation of generalized frequency response functions for quadratically and cubically nonlinear systems",
	journal = "Journal of Sound and Vibration",
	volume = "330",
	number = "3",
	pages = "461-470",
	year = "2011",
	author = "L. M. Li and S. A. Billings",
}

@inproceedings{Ljung2013,
	author= {L. Ljung and T. Chen},
	title={What can regularization offer for estimation of dynamical systems},
	booktitle = {16th IFAC International Workshop on Adaptation and Learning in Control and Signal Processing},
	year = {2013},
	location = {Caen, France},
}

@book{Maciejowski2002,
	title={Predictive control with constraints},
	author={J. M. Maciejowski},
	year={2002},
	publisher={Pearson Education}
}

@inproceedings{Maner1994, 
	author={B. R. {Maner} and F. J. {Doyle} and B. A. {Ogunnaike} and R. K. {Pearson}}, 
	booktitle={Proceedings of 1994 American Control Conference}, 
	title={A nonlinear model predictive control scheme using second order {Volterra} models}, 
	year={1994}, 
	volume={3},  
	pages={3253-3257}, 
}

@article{Maner1996,
	title = "Nonlinear model predictive control of a simulated multivariable polymerization reactor using second-order {Volterra} models",
	journal = "Automatica",
	volume = "32",
	number = "9",
	pages = "1285-1301",
	year = "1996",
	author = "B. R. Maner and F. J. Doyle and B. A. Ogunnaike and R. K. Pearson",
}

@article{Marmarelis1993,
	title = "Identification of Nonlinear Biological Systems using {Laguerre} Expansions of Kernels",
	journal = "Annals of Biomedical Engineering",
	volume = "21",
	number = "6",
	pages = "573-589",
	year = "1993",
	author = "V. Z. Marmarelis",
}

@inproceedings{Mayne1996, 
	author={D. Q. Mayne}, 
	booktitle={Proceedings of the Fifth International Conference on Chemical Process Control}, 
	title={Nonlinear Model Predictive Control: An Assessment}, 
	year={1996}, 
	location = {Tahoe City, California}
}

@article{Mayne2000,
	title = "Constrained model predictive control: Stability and optimality",
	journal = "Automatica",
	volume = "36",
	number = "6",
	pages = "789 - 814",
	year = "2000",
	author = "D. Q. Mayne and J. B. Rawlings and C. V. Rao and P. O. M. Scokaert",
}

@article{Mayne2014,
	title = "Model predictive control: Recent developments and future promise",
	journal = "Automatica",
	volume = "50",
	number = "12",
	pages = "2967-2986",
	year = "2014",
	author = "D. Q. Mayne",
}

@inproceedings{Mbarek2003, 
	author={A. Mbarek and H. Messaoud and G. Favier}, 
	booktitle={Proceedings of the 10th IEEE International Conference on Electronics, Circuits and Systems}, 
	title={Robust predictive control using {Kautz} model}, 
	year={2003}, 
	volume={1}, 
	pages={184-187}, 
}

@inproceedings{McKelvey2012,
	title = "Non-parametric frequency response estimation using a local rational model",
	year = "2012",
	booktitle = "16th IFAC Symposium on System Identification",
	location = {Brussels, Belgium},
	author = "T. McKelvey and G. Gu{\'e}rin",
}

@book{McLachlan2007,
	author = {G. McLachlan and T. Krishnan},
	year = {2007},
	title = {The {EM} Algorithm and extensions},
	publisher = {John Wiley and Sons},
}

@book{Middleton1990,
	author = {R. H. Middleton and G. C. Goodwin},
	year = {1990},
	title = {Digital Control and Estimation: A Unified Approach},
	publisher = {Prentice-Hall},
}

@inproceedings{Mohan2010, 
	author={K. Mohan and M. Fazel}, 
	booktitle={Proceedings of the 2010 American Control Conference}, 
	title={Reweighted nuclear norm minimization with application to system identification}, 
	year={2010}, 
	pages={2953-2959}, 
}

@article{Muske2002,
	title = "Disturbance modeling for offset-free linear model predictive control",
	journal = "Journal of Process Control",
	volume = "12",
	number = "5",
	pages = "617-632",
	year = "2002",
	author = "K. R. Muske and T. A. Badgwell",
}

@article{Nemeth2002, 
	author={J. G. Nemeth and I. Kollar and J. Schoukens}, 
	journal={IEEE Transactions on Instrumentation and Measurement}, 
	title={Identification of {V}olterra kernels using interpolation}, 
	year={2002}, 
	volume={51}, 
	number={4}, 
	pages={770-775}, 
}

@inproceedings{Nikolaou2000,
	author="M. Nikolaou and D. Mantha",
	editor="F. Allg{\"o}wer and A. Zheng",
	title="Efficient Nonlinear Modeling Using Wavelet Compression",
	booktitle="Nonlinear Model Predictive Control",
	year="2000",
	publisher="Birkh{\"a}user Basel",
	pages="313-334",
}

@article{Ninness1997,
	author= {B. Ninness and F. Gustafsson},
	title={A Unifying Construction of Orthonormal bases for System Identification},
	journal={IEEE Transactions on Automatic Control},
	year={1997},
	volume={42},
	number={4},
	pages={515--521},
}

@article{Nowak1994, 
	author={R. D. Nowak and B. D. Van Veen}, 
	journal={IEEE Transactions on Signal Processing}, 
	title={Random and pseudorandom inputs for {Volterra} filter identification}, 
	year={1994}, 
	volume={42}, 
	number={8}, 
	pages={2124-2135}, 
}

@article{Ogura1972, 
	author={H. Ogura}, 
	journal={IEEE Transactions on Information Theory}, 
	title={Orthogonal functionals of the {Poisson} process}, 
	year={1972}, 
	volume={18}, 
	number={4}, 
	pages={473-481}, 
}

@inproceedings{Ogura1985,
	author= {H. Ogura},
	title={Estimation of {Wiener} kernels of a nonlinear system and a fast algorithm using digital {Laguerre} filters},
	booktitle = {Proceedings of the 15th NIBB Conference},
	year = {1985},
	location = {Okazaki, Japan},
	pages = {14-62},
}

@inproceedings{Pan2018,
	author= {S. Pan and J. S. Welsh},
	title={An Application of Indirect Inference to the Cascaded Tanks Nonlinear Benchmark},
	booktitle = {Proceedings of the 18th IFAC Symposium on System Identification},
	year = {2018},
	location = {Stockholm, Sweden},
	pages = {790-795},
}

@inproceedings{Parker1998, 
	author={R. S. Parker and F. J. Doyle}, 
	booktitle={Proceedings of the 1998 American Control Conference}, 
	title={Nonlinear model predictive control of a continuous bioreactor at near-optimum conditions}, 
	year={1998}, 
	volume={4}, 
	pages={2549-2553}, 
	month={June},
}

@inproceedings{Parker2002, 
	author={R. S. Parker}, 
	booktitle={Proceedings of the 2002 American Control Conference}, 
	title={Nonlinear model predictive control of a continuous bioreactor using approximate data-driven models}, 
	year={2002}, 
	volume={4}, 
	pages={2885-2890}, 
	month={May},
}

@article{Pawlus2013,
	title = "Data-based modeling of vehicle collisions by nonlinear autoregressive model and feedforward neural network ",
	journal = "Information Sciences ",
	volume = "235",
	number = "",
	pages = "65-79",
	year = "2013",
	issn = "0020-0255",
	doi = "http://dx.doi.org/10.1016/j.ins.2012.03.013",
	url = "http://www.sciencedirect.com/science/article/pii/S0020025512002241",
	author = "Witold Pawlus and Hamid Reza Karimi and Kjell G. Robbersmyr",
}

@incollection{Peng2007,
	title = "The Nonlinear Output Frequency Response Function and its Application to Fault Detection ",
	booktitle = "Fault Detection, Supervision and Safety of Technical Processes 2006 ",
	publisher = "Elsevier Science Ltd",
	edition = "",
	address = "Oxford",
	year = "2007",
	pages = "36-41",
	author = "Z. K. Peng and Z. Q. Lang and S. A. Billings",
}
	
@article{Pillonetto2010,
	author= {G. Pillonetto and G. {De Nicolao}},
	title={A new kernel-based approach for linear system identification},
	journal={Automatica},
	year={2010},
	volume={46},
	number = {1},
	pages={81--93},
}

@inproceedings{Pillonetto2011,
	author= {G. Pillonetto and G. {De Nicolao}},
	title={Kernel Selection in Linear System Identification - {P}art {I}: a {Gaussian} process perspective},
	booktitle = {Proc.\ of CDC-ECC},
	year = {2011},
	location = {Orlando, USA},
	pages = {4318--4325},
}

@article{Pillonetto2014,
	author= {G. Pillonetto and F. Dinuzzo and T. Chen and G. {De Nicolao} and L. Ljung},
	title={Kernel methods in system identification, machine learning and function estimation: A survey},
	journal={Automatica},
	year={2014},
	volume={50},
	number = {3},
	pages={657--682},
}

@article{Pintelon1997, 
	author={R. Pintelon and J. Schoukens and G. Vandersteen}, 
	journal={IEEE Transactions on Automatic Control}, 
	title={Frequency domain system identification using arbitrary signals}, 
	year={1997}, 
	volume={42}, 
	number={12}, 
	pages={1717-1720}, 
	month={Dec},
}

@book{Pintelon2012,
	author = {R. Pintelon and J. Schoukens},
	year = {2012},
	title = {System Identification: A Frequency Domain Approach},
	publisher = {John Wiley and Sons},
}

@article{Prazenica2004,
	author = {R. J. Prazenica and A. J. Kurdila},
	title ={Volterra Kernel Identification Using Triangular Wavelets},
	journal = {Journal of Vibration and Control},
	volume = {10},
	number = {4},
	pages = {597-622},
	year = {2004},
}

@article{Prazenica2006,
	author="R. J. Prazenica and A. J. Kurdila",
	title="Multiwavelet Constructions and {Volterra} Kernel Identification",
	journal="Nonlinear Dynamics",
	year="2006",
	volume="43",
	number="3",
	pages="277-310",
}

@book{Rasmussen2006,
	title = "Gaussian Processes for Machine Learning",
	author = {C. E. Rasmussen and C. K. I. Williams},
	year = {2006},
	publisher = {MIT Press},
}

@book{Rawlings2009,
	title={Model Predictive Control: Theory and Design},
	author={J. B. Rawlings and D. Q. Mayne},
	year={2009},
	publisher={Nob Hill Publishing}
}

@article{Reed1996, 
	author={M. J. Reed and M. O. J. Hawksford}, 
	journal={IEE Proceedings - Circuits, Devices and Systems}, 
	title={Identification of discrete {Volterra} series using maximum length sequences}, 
	year={1996}, 
	volume={143}, 
	number={5}, 
	pages={241-248}, 
}

@article{Rijlaarsdam2017,
	title = "A comparative overview of frequency domain methods for nonlinear systems",
	journal = "Mechatronics",
	volume = "42",
	number = "Supplement C",
	pages = "11-24",
	year = "2017",
	issn = "0957-4158",
	author = {D. Rijlaarsdam and P. Nuij and J. Schoukens and M. Steinbuch},
}

@article{Risuleo2017,
	title = "A nonparametric kernel-based approach to {Hammerstein} system identification",
	journal = "Automatica",
	volume = "85",
	pages = "234-247",
	year = "2017",
	author = "R. S. Risuleo and G. Bottegal and H. Hjalmarsson",
}

@article{Rosa2007,
	author= {A. da Rosa and R. Campello and W. do Amaral},
	title={Choice of free parameters in expansions of discrete-time {Volterra} Models using {Kautz} functions},
	journal={Automatica},
	year={2007},
	volume={43},
	pages={1084--1091},
}

@inproceedings{Rubb2004,
	title = "Glucose Control in Type I Diabetic Patients: A {Volterra} Model-Based Approach",
	pages = "353-358",
	year = "2004",
	booktitle = "Proceedings of the 7th International Symposium on Advanced Control of Chemical Processes",
	author = "J. D. Rubb and R. S. Parker",
}

@book{Rugh1980,
	author = {W. J. Rugh},
	year = {1981},
	title = {Nonlinear System Theory: The {Volterra-Wiener} Approach},
	publisher = {Johns Hopkins University Press},
}

@article{Schetzen1965,
	author = {M. Schetzen},
	title = {Measurement of the Kernels of a Non-linear System of Finite Order},
	journal = {International Journal of Control},
	volume = {1},
	number = {3},
	pages = {251-263},
	year  = {1965},
}

@article{Schetzen1974,
	author = {M. Schetzen},
	title = {A theory of non-linear system identification},
	journal = {International Journal of Control},
	volume = {20},
	number = {4},
	pages = {577-592},
	year  = {1974},
}

@book{Schetzen1980,
	author = {M. Schetzen},
	year = {1980},
	title = {The {Volterra} and {Wiener} Theories of Nonlinear Systems},
	publisher = {John Wiley and Sons},
}

@book{Scholkopf2001,
	 author = {Sch{\"o}lkopf, B. and Smola, A. J.},
	 title = {Learning with Kernels: Support Vector Machines, Regularization, Optimization, and Beyond},
	 year = {2001},
	 publisher = {MIT Press},
	 address = {Cambridge, MA, USA},
} 

@article{Schoukens2009,
	title = "Nonparametric Preprocessing in System Identification: a Powerful Tool",
	journal = "European Journal of Control",
	volume = "15",
	number = "3",
	pages = "260-274",
	year = "2009",
	author = "J. Schoukens and G. Vandersteen and K. Barb{\'e} and R. Pintelon",
}

@article{Schoukens2011, 
	author={M. Schoukens and R. Pintelon and Y. Rolain}, 
	journal={IEEE Transactions on Instrumentation and Measurement}, 
	title={Parametric Identification of Parallel {Hammerstein} Systems}, 
	year={2011}, 
	volume={60}, 
	number={12}, 
	pages={3931-3938}, 
}

@article{Schoukens2016,
	title = "Linear System Identification in a Nonlinear Setting: Nonparametric Analysis of the Nonlinear Distortions and Their Impact on the Best Linear Approximation.",
	keywords = "Data models, Distortion measurement, Frequency measurement, Linear systems, Nonlinear distortion, Nonlinear systems, Uncertainty",
	author = "J. Schoukens and M. Vaes and R. Pintelon",
	year = "2016",
	month = "6",
	volume = "36",
	pages = "38--69",
	journal = "IEEE Control Systems Magazine",
	number = "3",
}

@article{Schoukens2016b,
 	 author    = {M. Schoukens and K. Tiels},
  	title     = {Identification of Nonlinear Block-Oriented Systems starting from Linear Approximations: {A} Survey},
  	journal   = {CoRR},
  	volume    = {abs/1607.01217},
  	year      = {2016},
  	url       = {http://arxiv.org/abs/1607.01217},
  	timestamp = {Tue, 02 Aug 2016 12:59:27 +0200},
  	biburl    = {http://dblp.uni-trier.de/rec/bib/journals/corr/SchoukensT16},
  	bibsource = {dblp computer science bibliography, http://dblp.org}
}

@inproceedings{Schoukens2016c,
	author= {M. Schoukens and P. Mattsson and T. Wigren and J. P. No\"el},
	title={Cascaded tanks benchmark combining soft and hard nonlinearities},
	booktitle = {Workshop on Nonlinear System Identification Becnhmarks},
	year = {2016},
	location = {Brussels, Belgium},
	pages = {20--23},
}

@book{Schreier2010,
	author = {P. Schreier and L. Scharf},
	year = {2010},
	title = {Statistical Signal Processing of Complex-Valued Data: The Theory of Improper and Noncircular Signals},
	publisher = {Cambridge University Press},
}

@article{Segall1976, 
	author={A. Segall and T. Kailath}, 
	journal={IEEE Transactions on Information Theory}, 
	title={Orthogonal functionals of independent-increment processes}, 
	year={1976}, 
	volume={22}, 
	number={3}, 
	pages={287-298}, 
}

@book{Soderstrom1989,
	author = {T. S{\"o}derstr{\"o}m and P. Stoica},
	year = {1989},
	title = {System Identification},
	publisher = {Prentice Hall},
}

@article{Stoddard2017b, 
	author={J. G. Stoddard and J. S. Welsh and H. Hjalmarsson}, 
	journal={IEEE Control Systems Letters}, 
	title={{EM}-Based Hyperparameter Optimization for Regularized {Volterra} Kernel Estimation}, 
	year={2017}, 
	volume={1}, 
	number={2}, 
	pages={388-393}, 
}

@online{Stoddard2018,
	author = {J. G. Stoddard and J. S. Welsh},
	title = {Volterra Kernel Identification using Regularized Orthonormal Basis Functions},
	year = 2018,
	url = {https://arxiv.org/abs/1804.07429},
}

@article{Stoddard2018b, 
	author={J. G. Stoddard and J. S. Welsh and H. Hjalmarsson}, 
	journal={IEEE Transactions on Automatic Control}, 
	title={Volterra Kernel Identification using Regularized Orthonormal Basis Functions}, 
	year={2019}, 
	volume={Under Review}, 
	url = {http://placeholder}
}

@inproceedings{Stoddard2018c,
	author= {J. G. Stoddard and J. S. Welsh},
	title={Regularized Basis Function Estimation of {Volterra} Kernels for the Cascaded Tanks Benchmark},
	booktitle = {Proceedings of the 18th IFAC Symposium on System Identification},
	year = {2018},
	location = {Stockholm, Sweden},
	pages = {413-418},
}

@inproceedings{Stoddard2018d,
	author= {J. G. Stoddard and J. S. Welsh},
	title="Data-Driven Modeling of a Coupled Electric Drives System Using Regularized Basis Function {Volterra} Kernels",
	booktitle="Intelligent Robotics and Applications",
	year="2018",
	publisher="Springer International Publishing",
	pages="475--485",
}

@inproceedings{Stoddard2018e,
	author= {J. G. Stoddard and J. S. Welsh},
	title={Frequency Domain Estimation of Parallel {Hammerstein} Systems using {Gaussian} Process Regression},
	booktitle = {Proceedings of the 18th IFAC Symposium on System Identification},
	year = {2018},
	location = {Stockholm, Sweden},
	pages = {1014-1019},
}

@article{Stoddard2019, 
	author={J. G. Stoddard and G. Birpoutsoukis and J. Schoukens and J. S. Welsh}, 
	journal={Automatica}, 
	title={Gaussian Process Regression for the Estimation of Generalized Frequency Response Functions}, 
	year={2019}, 
	volume={106}, 
	pages = {161-167},
}

@article{Stoddard2019b, 
	author={J. G. Stoddard and G. Birpoutsoukis and J. Lataire and J. S. Welsh}, 
	journal={Automatica}, 
	title={Frequency Domain Response under Arbitrary Excitation for Fading Memory Nonlinear Systems}, 
	year={2019}, 
	volume={107}, 
	pages = {327-332},
}

@inproceedings{Stoddard2019c,
	author= {J. G. Stoddard and J. S. Welsh},
	title={Improved Nonlinear Model Predictive Control with {Volterra-Laguerre} Models},
	booktitle = {Proceedings of the 2019 American Control Conference},
	year = {2019},
	location = {Philadelphia, USA},
	pages = {1014-1019},
}

@inproceedings{Sutter1987,
	author="E. E. Sutter",
	title="A practical nonstochastic approach to nonlinear time-domain analysis",
	booktitle="Proceedings in Advanced Methods of Physiological System Modeling",
	location="Los Angeles, USA",
	year="1987",
	pages="303-315",
}

@article{Tibshirani1996,
	author= {R. Tibshirani},
	title={Regression Shrinkage and Selection with the Lasso},
	journal={Journal of the Royal Statistical Society: Series B},
	year={1996},
	volume={58},
	number={1},
	pages={267--288},
}

@book{Timan1963,
	author = {A. F. Timan},
	title = {Theory of Approximation of Functions of a Real Variable},
	year  = {1963},
	publisher = {Pergamon},
	series = {International Series of Monographs on Pure and Applied Mathematics},
}	

@article{Tikhonov1963,
	author= {A. N. Tikhonov},
	title={Solution of incorrectly formulated problems and the regularization method},
	journal={Soviet Mathematics},
	year={1963},
	volume={4},
	pages={1035-1038},
}

@article{Tropp2006, 
	author={J. A. Tropp}, 
	journal={IEEE Transactions on Information Theory}, 
	title={Just relax: convex programming methods for identifying sparse signals in noise}, 
	year={2006}, 
	volume={52}, 
	number={3}, 
	pages={1030-1051}, 
}

@book{Tuma1987,
	author = {J. J. Tuma},
	title = {Engineering Mathematics Handbook},
	year  = {1987},
	publisher = {Taylor \& Francis},
}

@article{Victor1980,
	title = "A method of nonlinear analysis in the frequency domain",
	journal = "Biophysical Journal",
	volume = "29",
	number = "3",
	pages = "459-483",
	year = "1980",
	author = "J. Victor and R. Shapley",
}

@article{Vlaar2018, 
	author={M. P. {Vlaar} and G. {Birpoutsoukis} and J. {Lataire} and M. {Schoukens} and A. C. {Schouten} and J. {Schoukens} and F. C. T. {van der Helm}}, 
	journal={IEEE Transactions on Neural Systems and Rehabilitation Engineering}, 
	title={Modeling the Nonlinear Cortical Response in {EEG} Evoked by Wrist Joint Manipulation}, 
	year={2018}, 
	volume={26}, 
	number={1}, 
	pages={205-215}, 
}

@book{Volterra1930,
	author = {V. Volterra},
	title = {Theory of Functions and of Integral and Integro-differential Equations},
	year  = {1930},
	publisher = {Dover Publications},
}

@online{VUB_benchmarks,
	author = {Maarten Schoukens},
	title = {Workshop on Nonlinear System Identification Benchmarks},
	year = 2016,
	url = {http://homepages.vub.ac.be/~mschouke/benchmark2017.html},
	urldate = {2017-02-15}
}

@article{Wahlberg1991,
	author= {B. Wahlberg},
	title={System Identification using {Laguerre} Models},
	journal={IEEE Transactions on Automatic Control},
	year={1991},
	volume={AC-36},
	number={5},
	pages={551--562},
}

@article{Wahlberg1994,
	author= {B. Wahlberg},
	title={System Identification using {Kautz} Models},
	journal={IEEE Transactions on Automatic Control},
	year={1994},
	volume={AC-39},
	number={6},
	pages={1276--1282},
}

@article{Watanabe1975,
	title = "Kernel method for nonlinear analysis: identification of a biological control system",
	journal = "Mathematical Biosciences",
	volume = "27",
	number = "1",
	pages = "99-108",
	year = "1975",
	author = "A. Watanabe and L. Stark",
}

@book{Wellstead1979,
	author = {P. E. Wellstead},
	year = {1979},
	title = {Introduction to Physical System Modelling},
	publisher = {Academic Press},
}

@book{Westwick2003,
	title = {Identification of Nonlinear Physiological Systems},
	author = {D. T. Westwick and R. E. Kearney},
	year = {2003},
	publisher = {John Wiley and Sons},
}

@techreport{Wiener1942,
    	title = {Response of a Non-Linear Device to Noise},
   	author = {N. Wiener},
    	year = {1942},
   	institution = {Radiation Laboratory, Massachusetts Institute of Technology},
}

@techreport{Wigren2017,
    	title = {Coupled Electric Drives Data Set and Reference Models},
   	author = {T. Wigren and M. Schoukens},
    	year = {2017},
   	institution = {Department of Information Technology, Uppsala University},
  	url = {http://www.it.uu.se/research/publications/reports/2017-024/2017-024-nc.pdf}
}

@inproceedings{Worden2012,
	author= {K. Worden and G. Manson and E. J. Cross},
	title={Higher-order frequency response functions from Gaussian Process {NARX} models},
	booktitle = {Proc.\ of the 25th International Conference on Noise and Vibration Engineering},
	year = {2012},
	location = {Leuven, Belgium},
	pages = {2575--2589},
}

@article{Wray1994,
	author="J. J. Wray and G. G. R. Green",
	title="Calculation of the {Volterra} kernels of non-linear dynamic systems using an artificial neural network",
	journal="Biological Cybernetics",
	year="1994",
	volume="71",
	number="3",
	pages="187-195",
}

@article{Wu1983,
	author = {C. F. Jeff Wu},
	journal = {The Annals of Statistics},
 	number = {1},
 	pages = {95-103},
 	publisher = {Institute of Mathematical Statistics},
 	title = {On the Convergence Properties of the {EM} Algorithm},
 	volume = {11},
 	year = {1983}
}

@article{Xia2015,
	title = "A novel method for fault diagnosis of hydro generator based on {NOFRF}s",
	journal = "International Journal of Electrical Power and Energy Systems",
	volume = "71",
	number = "Supplement C",
	pages = "60-67",
	year = "2015",
	author = "X. Xia and J. Zhou and C. Li and W. Zhu",
}


@article{Zhang2008,
	title = {{Laguerre-Volterra} Observer-Controller Design and Its Applications},
	journal = "IFAC Proceedings Volumes",
	volume = "41",
	number = "2",
	pages = "9356-9361",
	year = "2008",
	note = "17th IFAC World Congress",
	author = "H. Zhang and M. Z. Q. Chen and Z. Chen",
}

@incollection{Kulakowski,
	author={B. Kulakowski and J. Gardner and J. Shearer},
	title={Integration Step Size},
	pages={129},
	publisher={Cambridge University Press},
	year={2007},
	booktitle={Dynamic Modeling and Control of Engineering Systems},
	address={Cambridge},
}


